@article{chugh2013worldwide,
  title={Worldwide epidemiology of atrial fibrillation: a Global Burden of Disease 2010 Study},
  author={Chugh, Sumeet S. and others},
  journal={Circulation},
  year={2014},
  volume={129},
  pages={837--847},
}

@article{zoni2014epidemiology,
  title={Epidemiology of atrial fibrillation: European perspective},
  author={Zoni-Berisso, Massimo and Lercari, Fabrizio and Carazza, Tiziana and Domenicucci, Stefano},
  journal={Clinical Epidemiology},
  volume={6},
  pages={213--220},
  year={2014},
  publisher={Dove Press}
}

@book{thaler2017only,
  title={The only EKG book you'll ever need},
  author={Thaler, Malcolm},
  year={2017},
  publisher={Lippincott Williams \& Wilkins}
}

@article{rad2017ecg,
  title={{ECG}-based classification of resuscitation cardiac rhythms for retrospective data analysis},
  author={Rad, Ali Bahrami  and others},
  journal={IEEE Transactions on Biomedical Engineering},
  volume={64},
  number={10},
  pages={2411--2418},
  year={2017},
  publisher={IEEE}
}



@article{joseph2017daily,
  title={Daily Stock Returns Characteristics and Forecastability},
  author={Joseph, Anthony and Larrain, Maurice and Turner, Claude},
  journal={Procedia Computer Science},
  volume={114},
  pages={481--490},
  year={2017},
  publisher={Elsevier}
}

@inproceedings{rad2012phase,
  title={Phase spectrum prediction of audio signals},
  author={Rad, Ali Bahrami and Virtanen, Tuomas},
  booktitle={2012 5th International Symposium on Communications, Control and Signal Processing},
  pages={1--5},
  year={2012},
  organization={IEEE}
}


@book{ehrendorfer2012spectral,
  title={Spectral numerical weather prediction models},
  author={Ehrendorfer, Martin},
  year={2011},
  publisher = {Society for Industrial and Applied Mathematics}
}


@article{clifford2017af,
  title={{AF} Classification from a short single lead {ECG} recording: the {P}hysioNet/{C}omputing in Cardiology Challenge 2017},
  author={Clifford, Gari D and others},
  journal={2017 Computing in Cardiology (CinC)},
  volume={44},
  year={2017}
}

@inproceedings{huang2017densely,
  title={Densely connected convolutional networks},
  author={Huang, Gao and Liu, Zhuang and van der Maaten, Laurens and Weinberger, Kilian Q },
  booktitle={2017 IEEE Conference on Computer Vision and Pattern Recognition (CVPR)},
  pages={2261-2269}, 
  year={2017}
}

@inproceedings{long2015fully,
  title={Fully convolutional networks for semantic segmentation},
  author={Long, Jonathan and Shelhamer, Evan and Darrell, Trevor},
  booktitle={Proceedings of the IEEE conference on computer vision and pattern recognition},
  pages={3431--3440},
  year={2015}
}

@inproceedings{he2014spatial,
  title={Spatial pyramid pooling in deep convolutional networks for visual recognition},
  author={He, Kaiming and Zhang, Xiangyu and Ren, Shaoqing and Sun, Jian},
  booktitle={european conference on computer vision},
  pages={346--361},
  year={2014},
  organization={Springer}
}

@article{kalchbrenner2014convolutional,
  title={A convolutional neural network for modelling sentences},
  author={Kalchbrenner, Nal and Grefenstette, Edward and Blunsom, Phil},
  journal={arXiv preprint arXiv:1404.2188},
  year={2014}
}

@inproceedings{verydeepconv2015,
  title={Very Deep Convolutional Networks for Large-Scale Image Recognition},
  author={K. Simonyan and A. Zisserman},
  booktitle={ICLR 2015},
  pages={346--361},
  year={2014},
  organization={Springer}
}

@inproceedings{vincent2008extracting,
  title={Extracting and composing robust features with denoising autoencoders},
  author={Vincent, Pascal and Larochelle, Hugo and Bengio, Yoshua and Manzagol, Pierre-Antoine},
  booktitle={Proceedings of the 25th international conference on Machine learning},
  pages={1096--1103},
  year={2008},
  organization={ACM}
}

@article{pan1985real,
  title={A real-time {QRS} detection algorithm},
  author={Pan, Jiapu and Tompkins, Willis J},
  journal={IEEE Transactions on Biomedical Engineering},
  year={1985}, 
  volume={BME-32}, 
  number={3}, 
  pages={230-236}, 
  publisher={IEEE}
}

@inproceedings{zeiler2014visualizing,
  title={Visualizing and understanding convolutional networks},
  author={Zeiler, Matthew D and Fergus, Rob},
  booktitle={13th European Conference on Computer Vision (ECCV)},
  pages="818--833",
  year={2014},
  organization={Springer}
}

@article{castelvecchi2016can,
  author={Tishby, Naftali  and Zaslavsky, Noga}, 
  booktitle={2015 IEEE Information Theory Workshop (ITW)}, 
  title={Deep learning and the information bottleneck principle}, 
  year={2015}, 
  volume={}, 
  number={}, 
  pages={1-5}, 
}

@article{shwartz2017opening,
	title={Opening the black box of deep neural networks via information},
	author={Shwartz-Ziv, Ravid and Tishby, Naftali},
	journal={arXiv preprint arXiv:1703.00810},
	year={2017}
}

@article{simonyan2013deep,
  title={Deep inside convolutional networks: Visualising image classification models and saliency maps},
  author={Simonyan, Karen and Vedaldi, Andrea and Zisserman, Andrew},
  journal={arXiv preprint arXiv:1312.6034},
  year={2013}
}

@article{hadji2018we,
  title={What Do We Understand About Convolutional Networks?},
  author={Hadji, Isma and Wildes, Richard P},
  journal={arXiv preprint arXiv:1803.08834},
  year={2018}
}

@inproceedings{qi2002bayesian,
  title={Bayesian spectrum estimation of unevenly sampled nonstationary data},
  author={Qi, Yuan and Minka, Thomas P and Picara, Rosalind W},
  booktitle={2002 IEEE International Conference on Acoustics, Speech, and Signal Processing (ICASSP)},
  volume={2},
  pages={II-1473-II-1476}, 
  year={2002},
  organization={IEEE}
}

@book{sarkka2013bayesian,
  title={Bayesian filtering and smoothing},
  author={S{\"a}rkk{\"a}, Simo},
  year={2013},
  publisher={Cambridge University Press}
}

@InProceedings{Hartikainen+Sarkka:2010,
  author = {J. Hartikainen and Simo S\"arkk\"a},
   title = {Kalman Filtering and Smoothing Solutions to Temporal
            {G}aussian Process Regression Models},
    year = {2010},
   pages = {379--384},
  booktitle = {2010 IEEE International Workshop on Machine Learning for Signal Processing (MLSP)},
}

@PhDThesis{Sarkka:2006,
  title  = {Recursive {B}ayesian Inference on Stochastic
            Differential Equations},
  author = {Simo S\"arkk\"a},
     key = {Sarkka},
  year   = {2006},
  school = {Helsinki University of Technology, Department of
            Electrical and Communications Engineering},
  type   = {Doctoral dissertation}
}

@article{Sarkka+Solin+Hartikainen:2013,
     author = {Simo S\"arkk\"a and
               Arno Solin and Jouni Hartikainen},
       year = {2013},
      title = {Spatiotemporal Learning via Infinite-Dimensional
              {B}ayesian Filtering and Smoothing},
    journal = {IEEE Signal Processing Magazine},
     volume = {30},
     number = {4},
      pages = {51--61}
}

@inproceedings{glorot2010understanding,
  title={Understanding the difficulty of training deep feedforward neural networks},
  author={Xavier Glorot and Yoshua Bengio},
  booktitle={Proceedings of the 13th International Conference on Artificial Intelligence and  Statistics},
  pages={249--256},
  volume = 	 {9},
  year={2010},
}

@inproceedings{he2016deep,
  title={Deep residual learning for image recognition},
  author={He, Kaiming and Zhang, Xiangyu and Ren, Shaoqing and Sun, Jian},
  booktitle={2016 IEEE Conference on Computer Vision and Pattern Recognition (CVPR)},
  pages={770--778},
  year={2016}
}

@article{authors20162016,
  author={Kirchhof, Paulus and others},
  title = {2016 {ESC} Guidelines for the management of atrial fibrillation developed in collaboration with {EACTS}},
  journal = {EP Europace},
  volume = {18},
  number = {11},
  pages = {1609-1678},
  year = {2016},
  publisher={Oxford University Press}
}

@book{lecun2015deep,
  title={Deep learning},
  author={Goodfellow, Ian and Bengio, Yoshua and Courville, Aaron and Bengio, Yoshua},
  year={2016},
  publisher={MIT Press},
}

@article{rajpurkar2017cardiologist,
  title={Cardiologist-level arrhythmia detection with convolutional neural networks},
  author={Rajpurkar, Pranav and Hannun, Awni Y and Haghpanahi, Masoumeh and Bourn, Codie and Ng, Andrew Y},
  journal={arXiv preprint arXiv:1707.01836},
  year={2017}
}

@inproceedings{shashikumar2017deep,
  title={A deep learning approach to monitoring and detecting atrial fibrillation using wearable technology},
  author={Shashikumar, Supreeth Prajwal and Shah, Amit J and Li, Qiao and Clifford, Gari D and Nemati, Shamim},
  booktitle={2017 IEEE EMBS International Conference on Biomedical Health Informatics (BHI)},
  pages={141--144},
  year={2017},
  organization={IEEE}
}

@article{xia2018detecting,
  title={Detecting atrial fibrillation by deep convolutional neural networks},
  author={Xia, Yong and Wulan, Naren and Wang, Kuanquan and Zhang, Henggui},
  journal={Computers in Biology and Medicine},
  volume={93},
  pages={84--92},
  year={2018},
  publisher={Elsevier}
}

@article{pourbabaee2017deep,
  title={Deep Convolutional Neural Networks and Learning {ECG} Features for Screening Paroxysmal Atrial Fibrillation Patients},
  author={Pourbabaee, Bahareh and Roshtkhari, Mehrsan Javan and Khorasani, Khashayar},
  journal={IEEE Transactions on Systems, Man, and Cybernetics: Systems},
  year={2017},
  pages={1-10}, 
  publisher={IEEE}
}

@article{zihlmann2017convolutional,
  title={Convolutional Recurrent Neural Networks for Electrocardiogram Classification},
  author={Zihlmann, Martin and Perekrestenko, Dmytro and Tschannen, Michael},
  journal={2017 Computing in Cardiology (CinC)}, 
  year={2017}, 
  volume={44}, 
  number={}, 
}

@article{zabihi2017detection,
  title={Detection of Atrial Fibrillation in {ECG} Hand-held Devices Using a Random Forest Classifier},
  author={Zabihi, Morteza and Rad, Ali Bahrami and others},
  booktitle={2017 Computing in Cardiology (CinC)},
  year={2017}, 
  volume={44}, 
  number={}, 
}

@article{asgari2015automatic,
  title={Automatic detection of atrial fibrillation using stationary wavelet transform and support vector machine},
  author={Asgari, Shadnaz and Mehrnia, Alireza and Moussavi, Maryam},
  journal={Computers in Biology and Medicine},
  volume={60},
  pages={132--142},
  year={2015},
  publisher={Elsevier}
}

@inproceedings{mohebbi2008detection,
  title={Detection of atrial fibrillation episodes using {SVM}},
  author={Mohebbi, Maryam and Ghassemian, Hassan},
  booktitle={2008 30th Annual International Conference of the IEEE Engineering in Medicine and Biology Society},
  pages={177--180},
  year={2008},
  organization={IEEE}
}

@article{yaghouby2010towards,
  title={Towards automatic detection of atrial fibrillation: A hybrid computational approach},
  author={Yaghouby, Farid and Ayatollahi, Ahmad and Bahramali, Reihaneh and Yaghouby, Maryam and Alavi, Amir Hossein},
  journal={Computers in Biology and Medicine},
  volume={40},
  number={11-12},
  pages={919--930},
  year={2010},
  publisher={Elsevier}
}

@article{bruser2013automatic,
  title={Automatic detection of atrial fibrillation in cardiac vibration signals},
  author={Bruser, Christoph and Diesel, Jasper and Zink, Matthias DH and Winter, Stefan and Schauerte, Patrick and Leonhardt, Steffen},
  journal={IEEE Journal of Biomedical and Health Informatics},
  volume={17},
  number={1},
  pages={162--171},
  year={2013},
  publisher={IEEE}
}

@article{xiong2017robust,
	author={Xiong, Zhaohan and Stiles, Martin K and Zhao, Jichao},
	journal={2017 Computing in Cardiology (CinC)}, 
	title={Robust {ECG} signal classification for detection of atrial fibrillation using a novel neural network}, 
	year={2017}, 
	volume={44}, 
	number={}, 
}

@article{maaten2008visualizing,
	title={Visualizing data using {t-SNE}},
	author={{van der Maaten}, Laurens and Hinton, Geoffrey},
	journal={Journal of Machine Learning Research},
	volume={9},
	number={Nov},
	pages={2579--2605},
	year={2008}
}

@article{kay1981spectrum,
	title={Spectrum analysis -- a modern perspective},
	author={Kay, Steven M and Marple, Stanley L},
	journal={Proceedings of the IEEE},
	volume={69},
	number={11},
	pages={1380--1419},
	year={1981},
	publisher={IEEE}
}

@article{shwartz2017opening,
	title={Opening the black box of deep neural networks via information},
	author={Shwartz-Ziv, Ravid and Tishby, Naftali},
	journal={arXiv preprint arXiv:1703.00810},
	year={2017}
}

@inproceedings{kingma2013auto,
	title={Auto-encoding variational {B}ayes},
	author={Kingma, Diederik P and Welling, Max},
	booktitle={Proceedings of the 2nd International Conference on Learning Representations (ICLR)},
	year={2014}
}